<?xml version="1.0" encoding="UTF-8"?><collection xmlns="http://www.loc.gov/MARC21/slim"><record><leader>00329nam--2200121-i-4500</leader><controlfield tag="001">000034338</controlfield><controlfield tag="002">20161230</controlfield><controlfield tag="005">20161230201040</controlfield><controlfield tag="008">060222s1000------------r-----000-0-eng-d</controlfield><datafield ind1=" " ind2=" " tag="245"><subfield code="a">Noise in electron devices</subfield></datafield><datafield ind1=" " ind2=" " tag="260"><subfield code="a">New York, John Wiley &amp; Sons, Inc., 1959, Xvi + 413p.Cu Fig</subfield></datafield><datafield ind1=" " ind2=" " tag="700"><subfield code="a">Smullin, L.D., Haus, H.A</subfield></datafield><datafield ind1=" " ind2=" " tag="852"><subfield code="a">14528</subfield></datafield></record></collection>